@techreport{eci,
     title = {The effectiveness of energy feedback on energy consumption},
     author = {Sarah Darby},
     group = {University of Oxford},
     year = {2006},
     institution = {Environmental change institute},
     month = Apr
}

@techreport{epri,
     title = {Residential Electricity Use Feedback: {A} Research Synthesis and Economic Framework},
     author = {{Electric Power Research Institute}},
     year = {2009},
     month = Feb
}


@inproceedings{reed,
	author = {J. Zico Kolter and Matthew J. Johnson},
	title = {{REDD: A public data set for energy disaggregation research}},
	year = {2011}, 
    pages={1--6}, 
	month = Aug,
	booktitle = {Proc. Workshop Data Mining Applicat. Sustainability (SustKDD)},
	Address = {San Diego, CA}
}

@ARTICLE{nmf, 
author={A. Rahimpour and H. Qi and D. Fugate and T. Kuruganti}, 
journal={IEEE Trans. Power Syst.}, 
title={Non-Intrusive Energy Disaggregation Using Non-negative Matrix Factorization with Sum-to-k Constraint}, 
year={2017}, 
note={to be published},
}

@inproceedings{sparse_kolter,
 author = {Kolter, J. Zico and Batra, Siddarth and Ng, Andrew Y.},
 title = {Energy Disaggregation via Discriminative Sparse Coding},
 booktitle = {Proceedings of the 23rd International Conference on Neural Information Processing Systems},
 year = {2010},
 address = {Vancouver, BC},
 pages = {1153--1161},
 numpages = {9},
 publisher = {Curran Associates Inc.},
} 

@INPROCEEDINGS{genetic, 
    author={M. Baranski and J. Voss}, 
    booktitle={2004 IEEE Int. Conf. Systems, Man and Cybernetics}, 
    title={Genetic algorithm for pattern detection in {NIALM} systems}, 
    year={2004}, 
    volume={4}, 
    pages={3462-3468},
    month={Oct},
    address={}
}

@ARTICLE{mostafa, 
author={S. M. Tabatabaei and S. Dick and W. Xu}, 
journal={IEEE Trans. Smart Grid}, 
title={Toward Non-Intrusive Load Monitoring via Multi-Label Classification},
year={2017}, 
volume={8}, 
number={1}, 
pages={26-40},  
month=Jan}

@inproceedings{hmm_unsup,
author = {Hyungsul Kim and others},
title = {Unsupervised Disaggregation of Low Frequency Power Measurements},
booktitle = {Proc. 2011 SIAM Int. Conf. Data Mining},
pages = {747-758},
year = {2011},
month = Apr,
address = {Mesa, AZ}
}

@ARTICLE{stephen_hmm, 
author={S. Makonin and F. Popowich and I. V. Bajić and B. Gill and L. Bartram}, 
journal={IEEE Trans. Smart Grid}, 
title={Exploiting {HMM} Sparsity to Perform Online Real-Time Nonintrusive Load Monitoring}, 
year={2016}, 
volume={7}, 
number={6}, 
pages={2575-2585}, 
month=Nov}

@ARTICLE{zeifman_analysis, 
author={M. Zeifman}, 
journal={IEEE Trans. Consum. Electron.}, 
title={Disaggregation of home energy display data using probabilistic approach}, 
year={2012}, 
volume={58}, 
number={1}, 
pages={23-31},
month=Feb}



@ARTICLE{brmeter, 
    author={Howlett, R. J. and Carvalho, P.}, 
    title={Smart Metering Deployment in Brazil}, 
    journaltitle={Sustainability in Energy and Buildings Proc.  7th Int. Conf. SEB-15},
    year={2015}
}

@online{eunilm2016,
    title= {How can {NIALM} help to perform predictive and curative maintenance?},
    author = {Benjamin Nicole and Kien Trung Nguyen and Illia Azarkh},
    year = {2016},
    month = Oct,
    note= {3rd European Workshop Non-Intrusive Load Monitor.},
    url = {http://www.nilm.eu/nilm-workshop-2016/}  
}

@online{eunilm2016-2,
    title= {{EDF} Position Paper on {NILM}},
    author = {Bérénice Huquet},
    year = {2016},
    month = Oct,
    note= {3rd European Workshop Non-Intrusive Load Monitor.},
    url = {http://www.nilm.eu/nilm-workshop-2016/}
}

@article{CarrieArmel2013213,
    author = "K. Carrie Armel and Abhay Gupta and Gireesh Shrimali and Adrian Albert",
    title = "Is disaggregation the holy grail of energy efficiency? {The} case of electricity ",
    journal = "Energy Policy ",
    volume = "52",
    pages = "213--234",
    year = "2013",
    month = Jan
}


@inproceedings{tracebase,
	author = {Andreas Reinhardt and Paul Baumann and Daniel Burgstahler and Matthias Hollick and Hristo Chonov and Marc Werner and Ralf Steinmetz},
	title = {{On the Accuracy of Appliance Identification Based on Distributed Load Metering Data}},
	year = {2012},
	booktitle = {Proc. 2nd IFIP Conf. Sustainable Internet and ICT for Sustainability (SustainIT)},
	pages = {1--9},
}

@article{ampds,
    Author = {Stephen Makonin and Bradley Ellert and Ivan V. Bajic and Fred Popowich},
    Title = {{Electricity, water, and natural gas consumption of a residential house in Canada from 2012 to 2014}},
    Journal = {Scientific Data},
    Volume = {3},
    Pages = {1--12},
    Year = {2016},
    Month = Jun
}

@ARTICLE{hart, 
    author={G. W. Hart}, 
    journal={Proceedings of the IEEE}, 
    title={Nonintrusive Appliance Load Monitoring}, 
    year={1992}, 
    volume={80}, 
    number={12}, 
    pages={1870--1891},
    month=Dec
}

@ARTICLE{hart85, 
    author={Hart, G.W.}, 
    journal={MIT Energy Laboratory Technical Report and Electric Power Research Institute Technical Report}, 
    title={Prototype Nonintrusive Appliance Load Monitor}, 
    year={1985}, 
}

@INPROCEEDINGS{makonin2016, 
    author={Stephen Makonin}, 
    booktitle={2016 IEEE Canadian Conf. Elect. Comput. Eng.}, 
    title={Investigating the switch continuity principle assumed in Non-Intrusive Load Monitoring ({NILM})}, 
    year={2016}, 
    pages={1--4},
    month=May, 
    address={Vancouver, BC}}

@INPROCEEDINGS{suzuki, 
    author={K. Suzuki and others}, 
    booktitle={Proc. SICE Ann. Conf., (The University Electro-Commun.)}, 
    title={Nonintrusive Appliance Load Monitoring Based on Integer Programming},
    pages={2742--2747}, 
    month=Aug,
    year={2008},
    address={Tokyo, Japan}
}


@INPROCEEDINGS{meta, 
    author={Dominik Egarter and Wilfried Elmenreich}, 
    booktitle={4th {D-A-CH} Energieinformatik Conf.}, 
    title={Load disaggregation with metaheuristic optimization},
    year={2015},
    month=Nov,
    address={Klagenfurt, Austria}
}


@ARTICLE{stephen, 
    author={M. Z. Ali Bhotto and S. Makonin and I. Bajic}, 
    journal={IEEE Trans. Circuits Syst. II, Exp. Briefs}, 
    title={Load Disaggregation Based on Aided Linear Integer Programming}, 
    year={2016}, 
    notes={to be published}
}

@PHDTHESIS{tabatabaei,
   title    = "Decomposition Techniques for Non-intrusive Home Appliance Load
               Monitoring",
   author   = "Tabatabaei, Seyed Mostafa",
   month    =  "28~" # jan,
   year     =  2014,
   school   = "University of Alberta"
 }



@ARTICLE{zeifman, 
    author={Zeifman, M. and Roth, K.}, 
    journal={IEEE Trans. Consum. Electron.}, 
    title={Nonintrusive appliance load monitoring: Review and outlook}, 
    year={2011}, 
    volume={57}, 
    number={1}, 
    pages={76-84},
    month=Feb
}

@ARTICLE{carrion2006, 
    author={M. Carrion and J. M. Arroyo}, 
    journal={IEEE Trans. Power Syst.}, 
    title={A computationally efficient mixed-integer linear formulation for the thermal unit commitment problem}, 
    year={2006}, 
    volume={21}, 
    number={3}, 
    pages={1371-1378},
    month=Aug
}



@article{lp,
  author    = {Md. Zulfiquar Ali Bhotto and
               Stephen Makonin and
               Ivan V. Bajic},
  title     = {Load Disaggregation Based on Aided Linear Integer Programming},
  journal   = {CoRR},
  volume    = {abs/1603.07417},
  year      = {2016},
  url       = {http://arxiv.org/abs/1603.07417},
  timestamp = {Sat, 02 Apr 2016 11:49:48 +0200},
  biburl    = {http://dblp.uni-trier.de/rec/bib/journals/corr/BhottoMB16},
  bibsource = {dblp computer science bibliography, http://dblp.org}
}

@online{first, 
    author={Scott Krueger}, 
    title={{T\&D World Magazine}: Smart Electricity Meters to Total 780 Million in 2020, Driven by {China’s} Roll-out}, 
    year={2015}, 
    url = {http://tdworld.com/ami/smart-electricity-meters-total-780-million-2020-driven-china\%2Ds-roll-out}
}



@online{sec, 
    author={{US Energy Information Administration}}, 
    title={How many smart meters are installed in the {United States}, and who has them?}, 
    year={2016}, 
    url = {http://www.eia.gov/tools/faqs/faq.cfm?id=108&t=3}
}

@online{1npub, 
    author={Oliver Parson}, 
    title={Overview  NILM field}, 
    year={2015}, 
    url = {http://blog.oliverparson.co.uk/2015/03/overview-of-nilm-field.html}
}

@inproceedings{Figueiredo2011,
    author={Figueiredo, Marisa B. and de Almeida, Ana and Ribeiro, Bernardete},
    title={An Experimental Study on Electrical Signature Identification of Non-Intrusive Load Monitoring ({NILM}) Systems},
    booktitle={Int. Conf. Adaptive and Natural Computing Algorithms (ICANNGA 2011)},
    month=Apr,
    year={2011},
    address={Berlin, Germany},
    pages={31--40}
}

@INPROCEEDINGS{berges2009,
    author = {Mario Berges and Ethan Goldman and  H. Scott Matthews and  Lucio Soibelman},
    title = {Learning Systems for Electric Consumption of Buildings},
    booktitle = {Proc.  2009 ASCE Int. Workshop Computing Civil Eng.},
    address = {Austin, TX},
    month = Jun,
    year = {2009},
    pages = {1-10}
}

@article{Froehlich2010,
    author = {Jon Froehlich and others},
    title = {Disaggregated End-Use Energy Sensing for the Smart Grid},
    journal = {IEEE Pervasive Computing},
    volume = {10},
    number = {1},
    year = {2010},
    pages = {28--39},
    publisher = {IEEE Computer Society}
}

@INPROCEEDINGS{Nguyen2015, 
    author={M. Nguyen and S. Alshareef and A. Gilani and W. G. Morsi}, 
    booktitle={2015 IEEE 28th Canadian Conf. Elect. Comput. Eng. (CCECE)}, 
    title={A novel feature extraction and classification algorithm based on power components using single-point monitoring for {NILM}},
    year={2015}, 
    pages={37--40}, 
    month=May,
    address={Halifax, NS}
}

@INPROCEEDINGS{zhou2016, 
author={C. Zhou and S. Liu and P. Liu}, 
booktitle={2016 3rd Int. Conf. Inform. Sci. Control Eng. (ICISCE)}, 
title={Neural Network Pattern Recognition Based Non-intrusive Load Monitoring for a Residential Energy Management System}, 
year={2016}, 
pages={483-487}, 
month=Jul,
address={Beijing, China}
}


@INPROCEEDINGS{bian2016, 
    author={S. Biansoongnern and B. Plangklang}, 
    booktitle={2016 13th Int. Conf. Elect. Eng./Electron., Comput., Telecommun. Inform. Technology (ECTI-CON)}, 
    title={Nonintrusive load monitoring ({NILM}) using an Artificial Neural Network in embedded system with low sampling rate}, 
    year={2016}, 
    pages={1-4}, 
    month=Jun,
    address={Chiang Mai, Thailand}
}

@INPROCEEDINGS{gillis2016, 
    author={J. Gillis and W. G. Morsi}, 
    booktitle={2016 IEEE Canadian Conf. Elect. Comput. Eng. (CCECE)}, 
    title={Non-intrusive load monitoring using orthogonal wavelet analysis}, 
    year={2016}, 
    pages={1-5},
    month=May,
    address={Vancouver, BC}
}

@ARTICLE{bhotto2016, 
    author={M. Z. Ali Bhotto and S. Makonin and I. Bajic}, 
    journal={IEEE Trans. Circuits Syst. II, Exp. Briefs}, 
    title={Load Disaggregation Based on Aided Linear Integer Programming}, 
    year={2016}, 
    note={to be published}
}

@INPROCEEDINGS{lin2011, 
    author={Y. H. Lin and M. S. Tsai and C. S. Chen}, 
    booktitle={2011 IEEE Int. Conf. Fuzzy Systems (FUZZ-IEEE 2011)}, 
    title={Applications of fuzzy classification with fuzzy c-means clustering and optimization strategies for load identification in {NILM} systems}, 
    year={2011}, 
    pages={859-866},  
    month=Jun,
    address={Taipei, Taiwan}
}

@ARTICLE{ducange2014, 
    author={P. Ducange and F. Marcelloni and M. Antonelli}, 
    journal={IEEE Trans. Ind. Informat.}, 
    title={A Novel Approach Based on Finite-State Machines with Fuzzy Transitions for Nonintrusive Home Appliance Monitoring}, 
    year={2014}, 
    volume={10}, 
    number={2}, 
    pages={1185-1197},
    month=May
}

@INPROCEEDINGS{duarte2012, 
    author={C. Duarte and others}, 
    booktitle={2012 Future of Instrumentation Int. Workshop (FIIW) Proc.}, 
    title={Non-intrusive load monitoring based on switching voltage transients and wavelet transforms}, year={2012}, 
    pages={1-4},
    month=Oct,
    address={Gatlinburg, TN}
}

@INPROCEEDINGS{zoha2012, 
    author={A. Zoha and A. Gluhak and M. Nati and M. A. Imran and S. Rajasegarar}, 
    booktitle={2012 6th IEEE Int. Conf. Intelligent Systems}, 
    title={Acoustic and device feature fusion for load recognition}, 
    year={2012}, 
    pages={386-392},
    month=Sep,
    address={Sofia, Bulgaria}
}

@ARTICLE{afhmm, 
    Title = {Approximate Inference in Additive Factorial {HMMs} with Application to Energy Disaggregation}, 
    Journal = {J. Machine Learning Research Proc. Track}, 
    Author = {J. Z. Kolter and Tommi Jaakkola}, 
    Pages = {1472--1482}, 
    Volume = {22}, 
    Month= Apr,
    Year = {2012}} 
}

@INPROCEEDINGS{mauch2016, 
    author={L. Mauch and B. Yang}, 
    booktitle={2016 IEEE Int. Conf. Acoust., Speech Signal Processing ({ICASSP})}, 
    title={A novel {DNN-HMM}-based approach for extracting single loads from aggregate power signals}, 
    year={2016}, 
    pages={2384-2388}, 
    month=Mar,
    address={Shanghai, China}
}

@INPROCEEDINGS{jack2015, 
    author={Jack Kelly and William Knottenbelt}, 
    booktitle={2nd ACM Int. Conf. Embedded Systems Energy-Efficient Built Environments}, 
    title={Neural {NILM}: {D}eep Neural Networks Applied to Energy Disaggregation}, 
    year={2015},  
    month=Nov,
    address={Seoul, South Korea}
}

@INPROCEEDINGS{batra2014,
       booktitle = {5th Int. Conf. Future Energy Systems (ACM e-Energy)},
           title = {{NILMTK}: {An} Open Source Toolkit for Non-intrusive Load Monitoring},
          author = {Nipun Batra and Jack Kelly and Oliver Parson and others},
            year = {2014},
         address = {Cambridge, UK},
            month = Jun
}

@book{ampl,
 author = {Fourer, Robert and Gay, David M. and Kernighan, Brian W.},
 title = {{AMPL}: A Modeling Language for Mathematical Programming},
 year = {2003},
 address = {Pacific Grove, CA, USA},
 publisher = {Brooks/Cole-Thomson Learning},
 edition = {2nd},
} 


@book{luenberger,
 author = {David G. Luenberger and Yinyu Ye},
 title = {Linear and Nonlinear Programming},
 year = {2008},
 address = {Stanford, CA, USA},
 publisher = {Springer},
 edition = {3rd},
} 

@book{ica,
 author = {Aapo Hyvarinen and Juha Karhunen and Erkki Oja},
 title = {Independent Component Analysis},
 year = {2001},
 address = {New York, NY},
 publisher = {Wiley-Interscience},
 edition = {1st},
} 



@manual{cplex,
  title        = {{User's Manual for CPLEX}},
  author       = {{IBM ILOG CPLEX V12.1}}, 
  organization = {{IBM Corp.}},
  year         = 2009
}